@incollection{polson_a_quantitative_1987,
 author = {Polson, Peter G.},
 chapter = {A Quantitative Theory of Human-computer Interaction},
 title = {Interfacing Thought: Cognitive Aspects of Human-computer Interaction},
 editor = {Carroll, John M.},
 year = {1987},
 isbn = {0-262-03125-6},
 pages = {184--235},
 numpages = {52},
 url = {http://dl.acm.org/citation.cfm?id=28446.28454},
 acmid = {28454},
 publisher = {MIT Press},
 address = {Cambridge, MA, USA},
} 

@inproceedings{polson_test_1986,
	address = {New York, NY, USA},
	series = {{CHI} '86},
	title = {A {Test} of a {Common} {Elements} {Theory} of {Transfer}},
	isbn = {0-89791-180-6},
	url = {http://doi.acm.org/10.1145/22627.22352},
	doi = {10.1145/22627.22352},
	urldate = {2015-11-07},
	booktitle = {Proceedings of the {SIGCHI} {Conference} on {Human} {Factors} in {Computing} {Systems}},
	publisher = {ACM},
	author = {Polson, P. G. and Muncher, E. and Engelbeck, G.},
	year = {1986},
	pages = {78--83}
}

@article{scholtz_learning_1990,
	title = {Learning second and subsequent programming languages: {A} problem of transfer},
	volume = {2},
	issn = {1044-7318},
	shorttitle = {Learning second and subsequent programming languages},
	url = {http://dx.doi.org/10.1080/10447319009525970},
	doi = {10.1080/10447319009525970},
	number = {1},
	urldate = {2015-11-03},
	journal = {International Journal of Human-Computer Interaction},
	author = {Scholtz, Jean and Wiedenbeck, Susan},
	month = jan,
	year = {1990},
	pages = {51--72}
}

@inproceedings{polson_transfer_1987,
	address = {New York, NY, USA},
	series = {{CHI} '87},
	title = {Transfer {Between} {Text} {Editors}},
	isbn = {0-89791-213-6},
	url = {http://doi.acm.org/10.1145/29933.30856},
	doi = {10.1145/29933.30856},
	urldate = {2015-11-07},
	booktitle = {Proceedings of the {SIGCHI}/{GI} {Conference} on {Human} {Factors} in {Computing} {Systems} and {Graphics} {Interface}},
	publisher = {ACM},
	author = {Polson, Peter G. and Bovair, Susan and Kieras, David},
	year = {1987},
	pages = {27--32}
}

@article{wu_problem-solving_1990,
	title = {Problem-{Solving} {Transfer} among {Programming} {Languages}},
	url = {http://repository.cmu.edu/psychology/29},
	journal = {Department of Psychology},
	author = {Wu, Quanfeng and Anderson, John},
	month = jun,
	year = {1990}
}